@phdthesis{Mazin,
    author  = "Benjamin A. Mazin",
    title   = "Microwave Kinetic Inductance Detectors",
    year    = "2004",
    school  = "California Institute of Technology",
}

@phdthesis{Geerlings,
    author  = "Kurtis L. Geerlings",
    title   = "Improving Coherence of Superconducting Qubits and Resonators",
    year    = "2013",
    school  = "Yale University",
}

@phdthesis{Barends,
    author = "Rami Barends",
    title = "Photon-detecting superconducting resonators",
    year = "2009",
    school = "Delft University of Technology"
}

@phdthesis{Gao,
    author = "Jiansong Gao",
    title = "The Physics of Superconducting Microwave Resonators",
    year = "2008",
    school = "California Institute of Technology"
}

@article{vissers2012reduced,
  title={Reduced microwave loss in trenched superconducting coplanar waveguides},
  author={Vissers, Michael R and Kline, Jeffrey S and Gao, Jiansong and Wisbey, David S and Pappas, David P},
  journal={Applied Physics Letters},
  volume={100},
  number={8},
  pages={082602},
  year={2012},
  publisher={AIP Publishing}
}

@article{abdo2006nonlinear,
  title={Nonlinear dynamics in the resonance line shape of NbN superconducting resonators},
  author={Abdo, Baleegh and Segev, Eran and Shtempluck, Oleg and Buks, Eyal},
  journal={Physical Review B},
  volume={73},
  number={13},
  pages={134513},
  year={2006},
  publisher={APS}
}

@article{burnett2013evidence,
  title={Evidence for interacting two-level systems from the 1/f noise of a superconducting resonator},
  author={Burnett, J and Faoro, L and Wisby, I and Gurtovoi, VL and Chernykh, AV and Mikhailov, GM and Tulin, VA and Shaikhaidarov, R and Antonov, V and Meeson, PJ and others},
  journal={arXiv preprint arXiv:1311.1655},
  year={2013}
}

@article{martinis2014ucsb,
  title={UCSB final report for the CSQ program: Review of decoherence and materials physics for superconducting qubits},
  author={Martinis, John M and Megrant, A},
  journal={arXiv preprint arXiv:1410.5793},
  year={2014}
}

@article{gao2008experimental,
  title={Experimental evidence for a surface distribution of two-level systems in superconducting lithographed microwave resonators},
  author={Gao, Jiansong and Daal, Miguel and Vayonakis, Anastasios and Kumar, Shwetank and Zmuidzinas, Jonas and Sadoulet, Bernard and Mazin, Benjamin A and Day, Peter K and Leduc, Henry G},
  journal={Applied Physics Letters},
  volume={92},
  number={15},
  pages={152505--152505},
  year={2008},
  publisher={AIP}
}